%YAML 1.1
%TAG !u! tag:unity3d.com,2011:
--- !u!114 &6186962916685283647
MonoBehaviour:
  m_ObjectHideFlags: 0
  m_CorrespondingSourceObject: {fileID: 0}
  m_PrefabInstance: {fileID: 0}
  m_PrefabAsset: {fileID: 0}
  m_GameObject: {fileID: 3989802749321879021}
  m_Enabled: 1
  m_EditorHideFlags: 0
  m_Script: {fileID: 11500000, guid: 60898b3a4a862384d9808daffb44f28e, type: 3}
  m_Name: 
  m_EditorClassIdentifier: 
  speed: 4
  clockwise: 1
--- !u!1 &5032820652047057616
GameObject:
  m_ObjectHideFlags: 0
  m_CorrespondingSourceObject: {fileID: 0}
  m_PrefabInstance: {fileID: 0}
  m_PrefabAsset: {fileID: 0}
  serializedVersion: 6
  m_Component:
  - component: {fileID: 7521978214535637261}
  m_Layer: 0
  m_Name: PowerupIndicatorVisual
  m_TagString: Untagged
  m_Icon: {fileID: 0}
  m_NavMeshLayer: 0
  m_StaticEditorFlags: 0
  m_IsActive: 1
--- !u!4 &7521978214535637261
Transform:
  m_ObjectHideFlags: 0
  m_CorrespondingSourceObject: {fileID: 0}
  m_PrefabInstance: {fileID: 0}
  m_PrefabAsset: {fileID: 0}
  m_GameObject: {fileID: 5032820652047057616}
  m_LocalRotation: {x: -0, y: -0, z: -0, w: 1}
  m_LocalPosition: {x: 0, y: 0, z: 0}
  m_LocalScale: {x: 1, y: 1, z: 1}
  m_Children:
  - {fileID: 5037268949997867359}
  - {fileID: 3987466019389622107}
  m_Father: {fileID: 0}
  m_RootOrder: 0
  m_LocalEulerAnglesHint: {x: 0, y: 0, z: 0}
--- !u!114 &8704038867192730309
MonoBehaviour:
  m_ObjectHideFlags: 0
  m_CorrespondingSourceObject: {fileID: 0}
  m_PrefabInstance: {fileID: 0}
  m_PrefabAsset: {fileID: 0}
  m_GameObject: {fileID: 5039092928912698163}
  m_Enabled: 1
  m_EditorHideFlags: 0
  m_Script: {fileID: 11500000, guid: 60898b3a4a862384d9808daffb44f28e, type: 3}
  m_Name: 
  m_EditorClassIdentifier: 
  speed: 6
  clockwise: 0
--- !u!1001 &3988112296347000543
PrefabInstance:
  m_ObjectHideFlags: 0
  serializedVersion: 2
  m_Modification:
    m_TransformParent: {fileID: 7521978214535637261}
    m_Modifications:
    - target: {fileID: 1758629138285362, guid: 11a653b9169986c4f9436a3002fb4516, type: 3}
      propertyPath: m_Name
      value: SelectionRing_06
      objectReference: {fileID: 0}
    - target: {fileID: 4165187268090244, guid: 11a653b9169986c4f9436a3002fb4516, type: 3}
      propertyPath: m_LocalPosition.x
      value: 0
      objectReference: {fileID: 0}
    - target: {fileID: 4165187268090244, guid: 11a653b9169986c4f9436a3002fb4516, type: 3}
      propertyPath: m_LocalPosition.y
      value: -0.5
      objectReference: {fileID: 0}
    - target: {fileID: 4165187268090244, guid: 11a653b9169986c4f9436a3002fb4516, type: 3}
      propertyPath: m_LocalPosition.z
      value: 0
      objectReference: {fileID: 0}
    - target: {fileID: 4165187268090244, guid: 11a653b9169986c4f9436a3002fb4516, type: 3}
      propertyPath: m_LocalRotation.x
      value: -0
      objectReference: {fileID: 0}
    - target: {fileID: 4165187268090244, guid: 11a653b9169986c4f9436a3002fb4516, type: 3}
      propertyPath: m_LocalRotation.y
      value: -0
      objectReference: {fileID: 0}
    - target: {fileID: 4165187268090244, guid: 11a653b9169986c4f9436a3002fb4516, type: 3}
      propertyPath: m_LocalRotation.z
      value: -0
      objectReference: {fileID: 0}
    - target: {fileID: 4165187268090244, guid: 11a653b9169986c4f9436a3002fb4516, type: 3}
      propertyPath: m_LocalRotation.w
      value: 1
      objectReference: {fileID: 0}
    - target: {fileID: 4165187268090244, guid: 11a653b9169986c4f9436a3002fb4516, type: 3}
      propertyPath: m_RootOrder
      value: 1
      objectReference: {fileID: 0}
    - target: {fileID: 4165187268090244, guid: 11a653b9169986c4f9436a3002fb4516, type: 3}
      propertyPath: m_LocalEulerAnglesHint.x
      value: 0
      objectReference: {fileID: 0}
    - target: {fileID: 4165187268090244, guid: 11a653b9169986c4f9436a3002fb4516, type: 3}
      propertyPath: m_LocalEulerAnglesHint.y
      value: 0
      objectReference: {fileID: 0}
    - target: {fileID: 4165187268090244, guid: 11a653b9169986c4f9436a3002fb4516, type: 3}
      propertyPath: m_LocalEulerAnglesHint.z
      value: 0
      objectReference: {fileID: 0}
    - target: {fileID: 4165187268090244, guid: 11a653b9169986c4f9436a3002fb4516, type: 3}
      propertyPath: m_LocalScale.x
      value: 3
      objectReference: {fileID: 0}
    - target: {fileID: 4165187268090244, guid: 11a653b9169986c4f9436a3002fb4516, type: 3}
      propertyPath: m_LocalScale.y
      value: 1
      objectReference: {fileID: 0}
    - target: {fileID: 4165187268090244, guid: 11a653b9169986c4f9436a3002fb4516, type: 3}
      propertyPath: m_LocalScale.z
      value: 3
      objectReference: {fileID: 0}
    m_RemovedComponents: []
  m_SourcePrefab: {fileID: 100100000, guid: 11a653b9169986c4f9436a3002fb4516, type: 3}
--- !u!1 &3989802749321879021 stripped
GameObject:
  m_CorrespondingSourceObject: {fileID: 1758629138285362, guid: 11a653b9169986c4f9436a3002fb4516,
    type: 3}
  m_PrefabInstance: {fileID: 3988112296347000543}
  m_PrefabAsset: {fileID: 0}
--- !u!4 &3987466019389622107 stripped
Transform:
  m_CorrespondingSourceObject: {fileID: 4165187268090244, guid: 11a653b9169986c4f9436a3002fb4516,
    type: 3}
  m_PrefabInstance: {fileID: 3988112296347000543}
  m_PrefabAsset: {fileID: 0}
--- !u!1001 &5037352575113132439
PrefabInstance:
  m_ObjectHideFlags: 0
  serializedVersion: 2
  m_Modification:
    m_TransformParent: {fileID: 7521978214535637261}
    m_Modifications:
    - target: {fileID: 1742899641471652, guid: 923deea38dc6a8843b15db7638919c1e, type: 3}
      propertyPath: m_Name
      value: SelectionRing_02
      objectReference: {fileID: 0}
    - target: {fileID: 4428908044626120, guid: 923deea38dc6a8843b15db7638919c1e, type: 3}
      propertyPath: m_LocalPosition.x
      value: 0
      objectReference: {fileID: 0}
    - target: {fileID: 4428908044626120, guid: 923deea38dc6a8843b15db7638919c1e, type: 3}
      propertyPath: m_LocalPosition.y
      value: -0.5
      objectReference: {fileID: 0}
    - target: {fileID: 4428908044626120, guid: 923deea38dc6a8843b15db7638919c1e, type: 3}
      propertyPath: m_LocalPosition.z
      value: 0
      objectReference: {fileID: 0}
    - target: {fileID: 4428908044626120, guid: 923deea38dc6a8843b15db7638919c1e, type: 3}
      propertyPath: m_LocalRotation.x
      value: -0
      objectReference: {fileID: 0}
    - target: {fileID: 4428908044626120, guid: 923deea38dc6a8843b15db7638919c1e, type: 3}
      propertyPath: m_LocalRotation.y
      value: -0
      objectReference: {fileID: 0}
    - target: {fileID: 4428908044626120, guid: 923deea38dc6a8843b15db7638919c1e, type: 3}
      propertyPath: m_LocalRotation.z
      value: -0
      objectReference: {fileID: 0}
    - target: {fileID: 4428908044626120, guid: 923deea38dc6a8843b15db7638919c1e, type: 3}
      propertyPath: m_LocalRotation.w
      value: 1
      objectReference: {fileID: 0}
    - target: {fileID: 4428908044626120, guid: 923deea38dc6a8843b15db7638919c1e, type: 3}
      propertyPath: m_RootOrder
      value: 0
      objectReference: {fileID: 0}
    - target: {fileID: 4428908044626120, guid: 923deea38dc6a8843b15db7638919c1e, type: 3}
      propertyPath: m_LocalEulerAnglesHint.x
      value: 0
      objectReference: {fileID: 0}
    - target: {fileID: 4428908044626120, guid: 923deea38dc6a8843b15db7638919c1e, type: 3}
      propertyPath: m_LocalEulerAnglesHint.y
      value: 0
      objectReference: {fileID: 0}
    - target: {fileID: 4428908044626120, guid: 923deea38dc6a8843b15db7638919c1e, type: 3}
      propertyPath: m_LocalEulerAnglesHint.z
      value: 0
      objectReference: {fileID: 0}
    - target: {fileID: 4428908044626120, guid: 923deea38dc6a8843b15db7638919c1e, type: 3}
      propertyPath: m_LocalScale.x
      value: 2
      objectReference: {fileID: 0}
    - target: {fileID: 4428908044626120, guid: 923deea38dc6a8843b15db7638919c1e, type: 3}
      propertyPath: m_LocalScale.y
      value: 1
      objectReference: {fileID: 0}
    - target: {fileID: 4428908044626120, guid: 923deea38dc6a8843b15db7638919c1e, type: 3}
      propertyPath: m_LocalScale.z
      value: 2
      objectReference: {fileID: 0}
    m_RemovedComponents: []
  m_SourcePrefab: {fileID: 100100000, guid: 923deea38dc6a8843b15db7638919c1e, type: 3}
--- !u!1 &5039092928912698163 stripped
GameObject:
  m_CorrespondingSourceObject: {fileID: 1742899641471652, guid: 923deea38dc6a8843b15db7638919c1e,
    type: 3}
  m_PrefabInstance: {fileID: 5037352575113132439}
  m_PrefabAsset: {fileID: 0}
--- !u!4 &5037268949997867359 stripped
Transform:
  m_CorrespondingSourceObject: {fileID: 4428908044626120, guid: 923deea38dc6a8843b15db7638919c1e,
    type: 3}
  m_PrefabInstance: {fileID: 5037352575113132439}
  m_PrefabAsset: {fileID: 0}
